@article{paper,
    title={Continuous chatter of the Cascadia subduction zone revealed by machine learning.},
    publisher={Nature Geosci 12, 75â€“79},
    author={Rouet-Leduc, B., Hulbert, C. & Johnson},
    year={2019}
}

